<record xmlns="http://www.loc.gov/MARC21/slim" xmlns:xsi="http://www.w3.org/2001/XMLSchema-instance" xsi:schemaLocation="http://www.loc.gov/MARC21/slim http://www.loc.gov/standards/marcxml/schema/MARC21slim.xsd"><leader>00037nz   2200037n  4500</leader><controlfield tag="001">DNB|102386315</controlfield><controlfield tag="003">DNB</controlfield><controlfield tag="005">20080405190740.0</controlfield><controlfield tag="008">930416n||aznnnabbn           | aaa    |c</controlfield><datafield ind1=" " ind2=" " tag="035"><subfield code="a">(DE-101)102386315</subfield></datafield><datafield ind1=" " ind2=" " tag="035"><subfield code="a">(DE-588a)102386315</subfield></datafield><datafield ind1=" " ind2=" " tag="040"><subfield code="a">DE-12</subfield><subfield code="b">ger</subfield><subfield code="c">DE-101</subfield><subfield code="e">rakwb</subfield><subfield code="d">0012</subfield></datafield><datafield ind1=" " ind2=" " tag="079"><subfield code="a">p</subfield><subfield code="q">f</subfield><subfield code="q">p</subfield><subfield code="t">12-PAN</subfield></datafield><datafield ind1="0" ind2=" " tag="100"><subfield code="a">Cyrus</subfield><subfield code="c">Panopolitanus</subfield><subfield code="d">gest. ca. 457 n. Chr.</subfield></datafield><datafield ind1="1" ind2=" " tag="400"><subfield code="a">Cyrus, Flavius</subfield><subfield code="d">gest. ca. 457 n. Chr.</subfield></datafield><datafield ind1="0" ind2=" " tag="400"><subfield code="a">Flavius</subfield><subfield code="c">Cyrus</subfield><subfield code="d">gest. ca. 457 n. Chr.</subfield></datafield><datafield ind1="0" ind2=" " tag="400"><subfield code="a">Flavius</subfield><subfield code="c">Panopolitanus</subfield><subfield code="d">gest. ca. 457 n. Chr.</subfield></datafield><datafield ind1="0" ind2=" " tag="400"><subfield code="a">Kyros</subfield><subfield code="c">Panopolites</subfield><subfield code="d">gest. ca. 457 n. Chr.</subfield></datafield><datafield ind1="0" ind2=" " tag="400"><subfield code="a">Cyrus</subfield><subfield code="c">Epicus</subfield><subfield code="d">gest. ca. 457 n. Chr.</subfield></datafield><datafield ind1="0" ind2=" " tag="400"><subfield code="a">Kyros</subfield><subfield code="c">von Panopolis</subfield><subfield code="d">gest. ca. 457 n. Chr.</subfield></datafield><datafield ind1="0" ind2=" " tag="400"><subfield code="a">Cyrus</subfield><subfield code="c">Epigrammaticus</subfield><subfield code="d">gest. ca. 457 n. Chr.</subfield></datafield><datafield ind1="0" ind2=" " tag="400"><subfield code="a">Kyros</subfield><subfield code="c">Bischof</subfield><subfield code="d">gest. ca. 457 n. Chr.</subfield></datafield><datafield ind1="0" ind2=" " tag="400"><subfield code="a">Kyros</subfield><subfield code="c">Dichter</subfield><subfield code="d">gest. ca. 457 n. Chr.</subfield></datafield><datafield ind1="0" ind2=" " tag="400"><subfield code="a">Kyros</subfield><subfield code="c">Epigrammatiker</subfield><subfield code="d">gest. ca. 457 n. Chr.</subfield></datafield><datafield ind1="0" ind2=" " tag="400"><subfield code="a">Cyrus</subfield><subfield code="c">Panopolites</subfield><subfield code="d">gest. ca. 457 n. Chr.</subfield></datafield><datafield ind1="0" ind2=" " tag="400"><subfield code="a">Kyros</subfield><subfield code="c">der Dichter</subfield><subfield code="d">gest. ca. 457 n. Chr.</subfield></datafield><datafield ind1=" " ind2=" " tag="549"><subfield code="w">i</subfield><subfield code="i">Lebensdaten</subfield><subfield code="a">gest. ca. 457 n. Chr.</subfield></datafield><datafield ind1=" " ind2=" " tag="670"><subfield code="a">LMA,V,1600</subfield></datafield><datafield ind1=" " ind2=" " tag="678"><subfield code="a">Homilia in nativitatem; Epigramme</subfield></datafield></record>